@article{hansen:ostermeier:2001,
	author = "Hansen, N. and Ostermeier, A.",
	journal = "Evolutionary {C}omputation",
	number = "2",
	pages = "159--195",
	title = "{Completely derandomized self-adaptation in evolution strategies}",
	volume = "9",
	year = "2001"
}

@article{barber:2006,
	author = "Barber, D.",
	journal = "Journal of {M}achine {L}earning {R}esearch",
	pages = "2515-2540",
	title = "{Expectation correction for smoothed inference in switching linear dynamical systems}",
	volume = "7",
	year = "2006"
}

@article{bryson:frazier:1963,
	author = "Bryson, A.E. and Frazier, M.",
	journal = "{Proc. Optimum Sys. Synthesis Conf.}",
	title = "{Smoothing for linear and nonlinear dynamic systems}",
	year = "1963"
}

@article{lindsten:schon:2011,
	author = "Lindsten, F. and Schon, T.B.",
	journal = "{Technical Report LiTH-ISY-R-2018}",
	title = "{Rao-Blackwellized particle smoothers for mixed linear/nonlinear state-space models}",
	year = "2011"
}

@article{barembruch:garivier:moulines:2008,
	author = "Barembruch, S. and Garivier, A. and Moulines, E.",
	journal = "IEEE 9th Workshop on Signal Processing Advances in Wireless ",
	pages = "634-638",
	title = "{On optimal sampling for particle filtering in digital communication}",
	year = "2008"
}

@article{fearnhead:clifford:2003,
	author = "Fearnhead, P. and Clifford, P.",
	journal = "{J.R. Statist. Soc. B}",
	pages = "887-899",
	title = "{On-line inference for hidden {M}arkov models via particle filters}",
	volume = "65",
	year = "2003"
}

@article{fong:godsill:doucet:west:2002,
	author = "Fong, W. and Godsill, S.J. and Doucet, A. and West, M.",
	journal = "IEEE Transactions on {S}ignal {P}rocessing",
	pages = "438--449",
	title = "{Monte Carlo smoothing with application to audio signal enhancement}",
	volume = "50",
	number = "2",
	year = "2002"
}


@article{kalman:1960,
	author = "Kalman, R.E.",
	journal = "J. {B}asic {E}ngng",
	pages = "35--45",
	title = "{A new approach to linear filtering and prediction problems}",
	volume = "82",
	year = "1960"
}

@article{rauch:striebel:tung:1965,
	author = "Rauch, A.E. and Striebel, C.T. and Tung, F.",
	journal = "American Institute of Aeronautics and Astronautics journal",
	pages = "1445--1450",
	title = "{Maximum likelihood estimates of linear dynamic systems}",
	volume = "3",
	number = "8",
	year = "1965"
}
	
	@article{gordon:salmond:smith:1993,
  author = {Gordon, N. and Salmond, D. and Smith, A.F.},
  title = {Novel approach to nonlinear/non-{G}aussian Bayesian state estimation},
  journal =  {{IEE} Proc. {F}, Radar Signal Process},
  year = {1993},
  volume = {140},
  pages = {107--113}
}

@ARTICLE{kitagawa:1987,
author = {Kitagawa, G},
title = {Non-Gaussian State-Space Modeling of Nonstationary Time Series},
journal = {Journal of the American Statistical Association},
year = {1987},
volume = {82},
pages = {1032-1041},
number = {400}
}


@ARTICLE{schon:gustafsson:nordlund:2005,
author = {Schon, T. and Gustafsson, F. and Nordlund, P.-J.},
title = {Marginalized particle filters for mixed linear/nonlinear state-space models},
journal = {{IEEE T}ransactions on {S}ignal {P}rocessing},
year = {2005},
volume = {53},
pages = {2279--2289},
number = {7}
}

@ARTICLE{doucet:gordon:krishnamurthy:2001,
author = {Doucet, A. and Gordon, N. and Krishnamurthy, V.},
title = {Particle filters for state estimation of jump {M}arkov linear systems},
journal = {{IEEE T}ransactions on {S}ignal {P}rocessing},
year = {2001},
volume = {49},
pages = {613--624},
number = {3}
}

@article{huerzeler:kunsch:1998,
  author = {H{\"u}rzeler, M. and K{\"u}nsch, H. R.},
  title = {{M}onte {C}arlo Approximations for General State-Space Models},
  journal =  {J. Comput. Graph. Statist.},
  year = {1998},
  volume = {7},
  pages = {175--193}
}

  @article{godsill:doucet:west:2004,
  author = {S. J. Godsill and A. Doucet and M. West},
  title = {{M}onte {C}arlo smoothing for non-linear time series},
  journal = {J. Am. Statist. Assoc.},
  year = {2004},
  volume = {50},
  pages = {438--449}
}


@ARTICLE{lindsten:bunch:godsill:schon:2013,
  author = {Lindsten, F. and Bunch, P. and Godsill, S.J. and Schon, T.B.},
  title = {Rao-{B}lackwellized particle smoothers for mixed linear/nonlinear state-space models},
  journal = {Proceedings of the 38th {IEEE I}nternational {C}onference on {A}coustics, {S}peech and {S}ignal {P}rocessing ({ICASSP})},
  year = {2013}
}

@ARTICLE{sarkka:bunch:godsill:2012,
  author = {Sarkka, S. and Bunch, P. and Godsill, S.J.},
  title = {A backward-simulation based {R}ao-{B}lackwellized particle smoother for conditionally linear {G}aussian models},
  journal = {Proceedings of the 16th {IFAC S}ymposium on {S}ystem {I}dentification {(SYSID)}},
  year = {2012}
}

@ARTICLE{lindsten:bunch:sarkka:schon:godsill:2015,
  author = {Lindsten, F. and Bunch, P. and Sarkka, S. and Schon, T.B. and Godsill, S.J.},
  title = {Rao-{B}lackwellized particle smoothers for conditionally linear {G}aussian models},
  journal = {ArXiv:1505.06357},
  year = {2015}
}

@ARTICLE{olsson:westerborn:2015,
  author = {Olsson, J. and Westerborn, J.},
  title = {Efficient particle-based online smoothing in general hidden {M}arkov models: the {PaRIS}
algorithm},
  journal = {ArXiv:1412.7550},
  year = {2015}
}

@article{kitagawa:1996,
  author = {Kitagawa, G.},
  title = {{M}onte-{C}arlo filter and smoother for non-{G}aussian nonlinear
    state space models},
  journal = {J. Comput. Graph. Statist.},
  year = {1996},
  volume = {1},
  pages = {1--25}
}

@book{delmoral:2013,
	Author = {Del Moral, P.},
	Publisher = {Chapman \& Hall / CRC Monographs on Statistics \& Applied Probability},
	Title = {Mean field simulation for Monte Carlo integration},
	Year = {2013}}

@book{douc:moulines:stoffer:2013,
	Author = {Douc, R. and Moulines, {\'E}. and Stoffer, D.},
	Publisher = {Chapman \& Hall},
	Title = {Nonlinear Time Series: Theory, Methods and Applications with {R} Examples},
	Year = {2013}}
	
@book{sarkka:2013,
	Author = {Sarkka, S.},
	Publisher = {Cambridge {U}niversity {P}ress},
	Title = {Bayesian filtering and smoothing},
	Year = {2013}}
	

@book{thrun:burgard:fox:2005,
	Address = {Cambridge},
	author = {Thrun, S. and Burgard, W. and Fox, D.},
	Publisher = {MIT Press},
	Title = {Probabilistic robotics},
	Year = {2005}}
	
@book{barshalom:li:kirubarjan:2001,
	Author = {Bar-{S}halom, Y. and Li, X.-R. and Kirubarajan, T.},
	Publisher = {Wiley},
	Title = {Estimation with {A}pplications to {T}racking and {N}avigation},
	Year = {2001}}
	
	
@article{carmona:ludkovski:2004,
	author = "Carmona, R. and Ludkovski, M.",
	journal = "Contemporary {M}athematics",
	pages = "65--80",
	title = "{Spot convenience yield models for the energy markets}",
	volume = "351",
	year = "2004"
}

@article{casassus:colin:dufresne:2005,
	author = "Casassus, J. and Collin-Dufresne, P.",
	journal = "The {J}ournal of {F}inance",
	pages = "2283-2331",
	title = "{Stochastic convenience yield implied from commodity futures and interest rates}",
	volume = "60",
	number = "5",
	year = "2005"
}

@article{liu:tang:2011,
	author = "Liu, P. and Tang, K.",
	journal = "Journal of {E}mpirical {F}inance",
	pages = "211-224",
	title = "{The stochastic behavior of commodity prices with heteroskedasticity in the convenience yield}",
	volume = "18",
	number = "2",
	year = "2011"
}

@article{hansen:kern:2004,
	author = "Hansen, N. and Kern, S.",
	journal = "Eighth International Conference on Parallel Problem Solving from Nature",
	pages = "337--354",
	title = "{Evaluating the CMA Evolution Strategy on Multimodal Test Functions}",
	volume = "72",
	year = "2004"
}

@ARTICLE{handschin:mayne:1969,
  author = {Handschin, J.E. and Mayne, D.Q.},
  title = {Monte Carlo techniques to estimate the conditional
expectation in multi-stage non-linear filtering},
  journal = {Internat. J. Control},
  year = {1969},
  Volume = {9},
  pages = {547--559}
}

@ARTICLE{rubin:1987,
  author = {Rubin, D.B.},
  title = {A noniterative sampling/importance resampling alternative to the data
augmentation algorithm for creating a few imputations when the fraction of missing information
is modest: The SIR algorithm (discussion of Tanner and Wong)},
  journal = {J. Amer. Statist. Assoc.},
  year = {1987},
  Volume = {82},
  pages = {543--546}
}

@ARTICLE{almansour:2016,
  author = {Almansour, A.},
  title = {Convenience yield in commodity price modeling: A regime switching approach},
  journal = {Energy Economics},
  volume = {53},
  pages = {238-247},
  year = {2016}
}

@ARTICLE{chen:forsyth:2010,
  author = {Chen, Z. and Forsyth, P.A.},
  title = {Implications of a regime-switching model on natural gas storage valuation and optimal operation},
  journal = {Quantitative {F}inance},
  year = {2010},
  Volume = {10},
  pages = {159--176}
}

@ARTICLE{chiarella:clewlow:kang:2009,
  author = {Chiarella, C. and Clewlow, L. and Kang, B.},
  title = {Modelling and estimating the forward price curve in the energy market},
  journal = {Quantitative {F}inance {R}esearch {C}enter},
  year = {2009}
}

@ARTICLE{kiesel:schindlmayr:borger:2009,
  author = {Kiesel, R. and Schindlmayr, G. and Borger, R.H.},
  title = {A two-factor model for the electricity forward market},
  journal = {Quantitative {F}inance},
  year = {2009},
  Volume = {9},
  pages = {279--287}
}

@ARTICLE{clewlow:strickland:1999a,
  author = {Clewlow, L. and Strickland, C.},
  title = {Valuing Energy Options in a One Factor Model
Fitted to Forward Prices},
  journal = {QFRC Research Paper Series 10},
  year = {1999}
}

@ARTICLE{clewlow:strickland:1999b,
  author = {Clewlow, L. and Strickland, C.},
  title = {A Multi-Factor Model for Energy Derivatives},
  journal = {QFRC Research Paper Series 28},
  year = {1999}
}

@ARTICLE{schwartz:1997,
  author = {Schwartz, E.S.},
  title = {The Stochastic Behaviour of Commodity Prices: Implications for
Pricing and Hedging},
  journal = {The {J}ournal of {F}inance},
  year = {1997},
  volume = {3},
  pages = {923--973}
}

@ARTICLE{briers:doucet:maskell:2010,
  author = {Briers, M. and Doucet, A. and Maskell, S.},
  title = {Smoothing algorithms for state-space models},
  journal = {{A}nn. {I}nst. {S}tat. {M}ath},
  year = {2010},
  volume = {62},
  pages = {61--89},
  number = {1}
}

@ARTICLE{chen:liu:2000,
  author = {Chen, R. and Liu, J.S.},
  title = {Mixture Kalman filters},
  journal = {Journal of the Royal Statistical Society B},
  year = {2000},
  volume = {62},
  pages = {493--508}
}

@ARTICLE{dempster:laird:rubin:1977,
  author = {A. P. Dempster and N. M. Laird and D. B. Rubin},
  title = {Maximum likelihood from incomplete data via the {EM} algorithm},
  journal = {Journal of the Royal Statistical Society B},
  year = {1977},
  volume = {39},
  pages = {1--38 (with discussion)},
  number = {1}
}

@ARTICLE{doucet:godsill:andrieu:2000,
  author = {Doucet, A. and Godsill, S. and Andrieu, C.},
  title = {On sequential Monte Carlo sampling methods for Bayesian filtering},
  journal = {Statistics and computing},
  year = {2000},
  volume = {10},
  pages = {197--208}
}

@ARTICLE{gibson:schwartz:1990,
  author = {Gibson, R. and Schwartz E.S.},
  title = {Stochastic convenience yield and the pricing of oil contingent claims},
  journal = {Journal of finance},
  year = {1990},
  volume = {45},
  pages = {959--976},
  number = {3}
}

@ARTICLE{engle:1982,
  author = {Engle, R.F.},
  title = {Autoregressive Conditional Heteroscedasticity with Estimates of the Variance of
United Kingdom Inflation},
  journal = {Econometrica},
  year = {1982},
  volume = {50},
  pages = {987-1007},
  number = {4}
}
@ARTICLE{bollerslev:1986,
  author = {Bollerslev, T.},
  title = {Generalized autoregressive conditional heteroskedasticity},
  journal = {Journal of Econometrics},
  year = {1986},
  volume = {31},
  pages = {307–327},
  number = {3}
}
@ARTICLE{agnolucci:2009,
  author = {Agnolucci, P.},
  title = {Volatility in crude oil futures: A comparison of the predictive ability of GARCH and implied volatility models},
  journal = {Energy Economics},
  year = {2009},
  volume = {31},
  pages = {316–321},
  number = {2}
}

@ARTICLE{wei:2010,
  author = {Wei, Y. Wang, Y.  and Huang, D.},
  title = {Forecasting crude oil market volatility: Further evidence using GARCH-class models},
  journal = {Energy Economics},
  year = {2010},
  volume = {32},
  pages = {1477–1484},
  number = {6}
}

@ARTICLE{liu:wan:2012,
  author = {Liu, L. and Wan, J.},
  title = {A study of Shanghai fuel oil futures price volatility based on high frequency data: Long-range dependence, modeling and forecasting},
  journal = {Economic Modelling},
  year = {2012},
  volume = {29},
  pages = {2245–2253},
  number = {6}
}

@ARTICLE{hou:saurdi:2012,
  author = {Hou, A. and Saurdi, S. },
  title = {A nonparametric GARCH model of crude oil price return volatility},
  journal = {Energy Economics},
  year = {2012},
  volume = {34},
  pages = {618–626},
  number = {2}
}

@ARTICLE{fong:see:2002,
  author = {Fong, W.M. and See, K.H.},
  title = {A Markov switching model of the conditional volatility of crude oil futures prices},
  journal = {Energy Economics},
  year = {2002},
  volume = {24},
  pages = {71-95},
  number = {1}
}

@ARTICLE{vo:2009,
  author = {Vo, M.T.},
  title = {Regime-switching stochastic volatility: Evidence from the crude oil market},
  journal = {Energy Economics},
  year = {2009},
  volume = {31},
  pages = {779–788},
  number = {5}
}

@ARTICLE{hung:2011,
  author = {Hung, JC. Wang, YH.  Chang M.C. Shih KH.  and Kao, HH.},
  title = {Minimum variance hedging with bivariate regime-switching model for WTI crude oil},
  journal = {Energy},
  year = {2011},
  volume = {36},
  pages = {3050–3057},
  number = {5}
}

@ARTICLE{jammazi:2012,
  author = {Jammazi, R.},
  title = {Oil shock transmission to stock market returns: Wavelet-multivariate Markov switching GARCH approach},
  journal = {Energy},
  year = {2012},
  volume = {37},
  pages = {430–454},
  number = {1}
}

@ARTICLE{naifar:dohaiman:2013,
  author = {Naifar, N. and Dohaiman, MSA.},
  title = {Nonlinear analysis among crude oil prices, stock markets' return and macroeconomic variables},
  journal = {International Review of Economics \& Finance},
  year = {2013},
  volume = {27},
  pages = {416–431}
}

@ARTICLE{hamilton:1988,
  author = {Hamilton, J.D.},
  title = {Rational-expectations econometric analysis of changes in regime: An investigation of the term structure of interest rates},
  journal = {Journal of Economic Dynamics and Control},
  year = {1988},
  volume = {12},
  pages = {385-423},
  number = {2-3}
}

@ARTICLE{hamilton:1989,
  author = {Hamilton, J.D.},
  title = {A new approach to the economic analysis of nonstationary time series and the business cycle},
  journal = {Econometrica},
  year = {1989},
  volume = {57},
  pages = {357-384}
  }

@ARTICLE{shumway:stoffer:1991,
  author = {Shumway, R.H. and Stoffer, D.S.},
  title = {Dynamic Linear Models with Switching},
  journal = {Journal of the {A}merican {S}tatistical {A}ssociation},
  year = {1991},
  volume = {86},
  number = {415},
  pages = {763-769}
  }

@ARTICLE{hamilton:susmel:1994,
  author = {Hamilton, JD. and Susmel, R.},
  title = {Autoregressive conditional heteroskedasticity and changes in regime},
  journal = {Journal of Econometrics},
  year = {1994},
  volume = {64},
  pages = {307–333},
  number = {1-2}
}

@ARTICLE{kim:1994,
  author = {Kim, CJ.},
  title = {Dynamic linear models with Markov-switching},
  journal = {Journal of Econometrics},
	year = {1994},
  volume = {60},
  pages = {1-22},
  number = {1-2}
}

@ARTICLE{mount:ning:cai:2006,
  author = {Mount, Y. Ning, TD. and Cai X.},
  title = {Predicting price spikes in electricity markets using a regime-switching model with time-varying parameters},
  journal = {Energy Economics},
	year = {2006},
  volume = {28},
  pages = {62-80},
  number = {1}
}
